<?xml version="1.0" encoding="UTF-8"?>
<collection xmlns:xsi="http://www.w3.org/2001/XMLSchema-instance" xsi:schemaLocation="http://www.loc.gov/MARC21/slim http://www.loc.gov/standards/marcxml/schema/MARC21slim.xsd" xmlns="http://www.loc.gov/MARC21/slim">
<record>
  <leader>00725cam a2200217   4500</leader>
  <controlfield tag="001">3171201</controlfield>
  <controlfield tag="003">NNC</controlfield>
  <controlfield tag="005">20160623143859.0</controlfield>
  <controlfield tag="008">020118s1971    iq           f000 0 arar </controlfield>
  <datafield tag="010" ind1=" " ind2=" ">
    <subfield code="a">   74211499 </subfield>
  </datafield>
  <datafield tag="035" ind1=" " ind2=" ">
    <subfield code="a">(OCoLC)ocm48812956</subfield>
  </datafield>
  <datafield tag="035" ind1=" " ind2=" ">
    <subfield code="9">AUB2603CU</subfield>
  </datafield>
  <datafield tag="035" ind1=" " ind2=" ">
    <subfield code="a">(NNC)3171201</subfield>
  </datafield>
  <datafield tag="040" ind1=" " ind2=" ">
    <subfield code="a">DLC</subfield>
    <subfield code="c">ZCU</subfield>
  </datafield>
  <datafield tag="050" ind1="0" ind2=" ">
    <subfield code="a">DS79.65</subfield>
    <subfield code="b">.I723 1971</subfield>
  </datafield>
  <datafield tag="110" ind1="1" ind2=" ">
    <subfield code="a">Iraq.</subfield>
    <subfield code="b">Mudīrīyat al-Iʻlām al-ʻĀmmah.</subfield>
  </datafield>
  <datafield tag="245" ind1="1" ind2="0">
    <subfield code="a">Aṣālat wa-taqaddumīyat al-thawrah fī makāsib Thawrat 17 Tammūz.</subfield>
    <subfield code="c">Tanfīdh Mudīrīyat al-Taʾlīf wa-al-Tarjamah wa-al-Nashr.</subfield>
  </datafield>
  <datafield tag="260" ind1=" " ind2=" ">
    <subfield code="a">Baghdād :</subfield>
    <subfield code="b">Mudīrīyat al-Iʻlām al-ʻAmmah,</subfield>
    <subfield code="c">1971.</subfield>
  </datafield>
  <datafield tag="300" ind1=" " ind2=" ">
    <subfield code="a">93 p.</subfield>
    <subfield code="c">21 cm.</subfield>
  </datafield>
  <datafield tag="651" ind1=" " ind2="0">
    <subfield code="a">Iraq</subfield>
    <subfield code="x">Politics and government.</subfield>
  </datafield>
  <datafield tag="955" ind1=" " ind2=" ">
    <subfield code="b">CU58174540</subfield>
    <subfield code="d">off,leh</subfield>
    <subfield code="e">DS79.65 .I723 1971</subfield>
  </datafield>
</record>
</collection>